@incollection{du2015designing,
  title={Designing Bus Transit Services for Routine Crowd Situations at Large Event Venues},
  author={Du, Jiali and Cheng, Shih-Fen and Lau, Hoong Chuin},
  booktitle={Computational Logistics},
  pages={704--718},
  year={2015},
  publisher={Springer}
}

@inproceedings{botea2005learning,
  title={Learning Partial-Order Macros from Solutions.},
  author={Botea, Adi and M{\"u}ller, Martin and Schaeffer, Jonathan},
  booktitle={ICAPS},
  pages={231--240},
  year={2005}
}

@article{coles2007marvin,
  title={Marvin: A Heuristic Search Planner with Online Macro-Action Learning.},
  author={Coles, Andrew and Smith, Amanda},
  journal={J. Artif. Intell. Res.(JAIR)},
  volume={28},
  pages={119--156},
  year={2007}
}

@incollection{garcia2007combining,
  title={Combining macro-operators with control knowledge},
  author={Garc{\'\i}a-Dur{\'a}n, Roc{\'\i}o and Fern{\'a}ndez, Fernando and Borrajo, Daniel},
  booktitle={Inductive Logic Programming},
  pages={229--243},
  year={2007},
  publisher={Springer}
}

@inproceedings{gerevini2009automatically,
  title={An Automatically Configurable Portfolio-based Planner with Macro-actions: PbP.},
  author={Gerevini, Alfonso and Saetti, Alessandro and Vallati, Mauro},
  booktitle={ICAPS},
  year={2009},
  organization={Citeseer}
}

@inproceedings{newton2007learning,
  title={Learning Macro-Actions for Arbitrary Planners and Domains.},
  author={Newton, Muhammad Abdul Hakim and Levine, John and Fox, Maria and Long, Derek},
  booktitle={ICAPS},
  pages={256--263},
  year={2007}
}

@inproceedings{theocharous2003approximate,
  title={Approximate planning in POMDPs with macro-actions},
  author={Theocharous, Georgios and Kaelbling, Leslie P},
  booktitle={Advances in Neural Information Processing Systems},
  pages={None},
  year={2003}
}

@inproceedings{florez2010timiplan,
  title={Timiplan: An application to solve multimodal transportation problems},
  author={Fl{\'o}rez, Jos{\'e} E and Torralba, {\'A}lvaro and Garc{\'\i}a, J and L{\'o}pez, Carlos Linares and Garc{\'\i}a-Olaya, {\'A}ngel and Borrajo, Daniel},
  booktitle={Proceedings of" Scheduling and Planning Applications woRKshop"(SPARK). Workshop of the Twentieth International Conference on Automated Planning and Scheduling (ICAPSâ€™10), Toronto, Ontario (Canada)},
  year={2010}
}

@article{gabrel2014recent,
  title={Recent advances in robust optimization: An overview},
  author={Gabrel, Virginie and Murat, C{\'e}cile and Thiele, Aur{\'e}lie},
  journal={European Journal of Operational Research},
  volume={235},
  number={3},
  pages={471--483},
  year={2014},
  publisher={Elsevier}
}


@article{blazewicz1996job,
  title={The job shop scheduling problem: Conventional and new solution techniques},
  author={B{\l}a{\.z}ewicz, Jacek and Domschke, Wolfgang and Pesch, Erwin},
  journal={European journal of operational research},
  volume={93},
  number={1},
  pages={1--33},
  year={1996},
  publisher={Elsevier}
}

@article{rao2012teaching,
  title={Teaching--learning-based optimization: an optimization method for continuous non-linear large scale problems},
  author={Rao, RV and Savsani, VJ and Vakharia, DP},
  journal={Information Sciences},
  volume={183},
  number={1},
  pages={1--15},
  year={2012},
  publisher={Elsevier}
}

@article{cassioli2012machine,
  title={Machine learning for global optimization},
  author={Cassioli, Andrea and Di Lorenzo, D and Locatelli, Marco and Schoen, Fabio and Sciandrone, Marco},
  journal={Computational Optimization and Applications},
  volume={51},
  number={1},
  pages={279--303},
  year={2012},
  publisher={Springer}
}

@inproceedings{andersson2015model,
  title={Model-Based Reinforcement Learning in Continuous Environments Using Real-Time Constrained Optimization},
  author={Andersson, Olov and Heintz, Fredrik and Doherty, Patrick},
  booktitle={Twenty-Ninth AAAI Conference on Artificial Intelligence (AAAI15)},
  year={2015}
}

@article{baykasouglu2014testing,
  title={Testing the performance of teaching--learning based optimization (TLBO) algorithm on combinatorial problems: Flow shop and job shop scheduling cases},
  author={Baykaso{\u{g}}lu, Adil and Hamzadayi, Alper and K{\"o}se, Simge Yelkenci},
  journal={Information Sciences},
  volume={276},
  pages={204--218},
  year={2014},
  publisher={Elsevier}
}

@article{kiefer1952stochastic,
  title={Stochastic estimation of the maximum of a regression function},
  author={Kiefer, Jack and Wolfowitz, Jacob and others},
  journal={The Annals of Mathematical Statistics},
  volume={23},
  number={3},
  pages={462--466},
  year={1952},
  publisher={Institute of Mathematical Statistics}
}



% End Macros
