@inproceedings{kamar2012combining,
  title={Combining human and machine intelligence in large-scale crowdsourcing},
  author={Kamar, Ece and Hacker, Severin and Horvitz, Eric},
  booktitle={Proceedings of the 11th International Conference on Autonomous Agents and Multiagent Systems-Volume 1},
  pages={467--474},
  year={2012},
  organization={International Foundation for Autonomous Agents and Multiagent Systems}
}

@article{lin1992self,
  title={Self-improving reactive agents based on reinforcement learning, planning and teaching},
  author={Lin, Long-Ji},
  journal={Machine learning},
  volume={8},
  number={3-4},
  pages={293--321},
  year={1992},
  publisher={Springer}
}

@book{mitchell2006discipline,
  title={The discipline of machine learning},
  author={Mitchell, Tom Michael},
  volume={17},
  year={2006},
  publisher={Carnegie Mellon University, School of Computer Science, Machine Learning Department}
}

@inproceedings{walsh2008efficient,
  title={Efficient Learning of Action Schemas and Web-Service Descriptions.},
  author={Walsh, Thomas J and Littman, Michael L},
  booktitle={AAAI},
  pages={714--719},
  year={2008}
}

@article{enezreview,
  title={A Review of Machine Learning for Automated Plan-ning},
  author={ENEZ, SERGIO JIM and DE LA ROSA, TOMAS and ANDEZ, SUSANA FERN and ANDEZ, FERNANDO FERN and BORRAJO, DANIEL}
}

@article{li2009multi,
  title={Multi-task reinforcement learning in partially observable stochastic environments},
  author={Li, Hui and Liao, Xuejun and Carin, Lawrence},
  journal={The Journal of Machine Learning Research},
  volume={10},
  pages={1131--1186},
  year={2009},
  publisher={JMLR. org}
}

@inproceedings{peot1992conditional,
  title={Conditional nonlinear planning},
  author={Peot, Mark A and Smith, David E},
  booktitle={Proceedings of the first international conference on Artificial intelligence planning systems},
  pages={189--197},
  year={1992}
}

@article{russell1995artificial,
  title={Artificial intelligence: a modern approach},
  author={Russell, Stuart and Norvig, Peter},
  year={1995}
}