@article{wang2010path,
  title={Path planning approach in unknown environment},
  author={Wang, Ting-Kai and Dang, Quan and Pan, Pei-Yuan},
  journal={International Journal of Automation and Computing},
  volume={7},
  number={3},
  pages={310--316},
  year={2010},
  publisher={Springer}
}

@article{de2013case,
  title={A case-based approach to heuristic planning},
  author={de la Rosa, Tom{\'a}s and Garc{\'\i}a-Olaya, Angel and Borrajo, Daniel},
  journal={Applied intelligence},
  volume={39},
  number={1},
  pages={184--201},
  year={2013},
  publisher={Springer}
}

@article{blum1997fast,
  title={Fast planning through planning graph analysis},
  author={Blum, Avrim L and Furst, Merrick L},
  journal={Artificial intelligence},
  volume={90},
  number={1},
  pages={281--300},
  year={1997},
  publisher={Elsevier}
}

@article{hoffmann2001ff,
  title={The FF planning system: Fast plan generation through heuristic search},
  author={Hoffmann, J{\"o}rg and Nebel, Bernhard},
  journal={Journal of Artificial Intelligence Research},
  pages={253--302},
  year={2001}
}

@inproceedings{fuentetaja2006improving,
  title={Improving relaxed planning graph heuristics for metric optimization},
  author={Fuentetaja, Raquel and Borrajo, Daniel and Linares, Carlos},
  booktitle={Proc. 2006 AAAI Workshop on Heuristic Search, Memory Based Heuristics and its Applications},
  pages={79--86},
  year={2006}
}

@inproceedings{koenig1994risk,
  title={Risk-sensitive planning with probabilistic decision graphs},
  author={Koenig, Sven and Simmons, Reid G},
  booktitle={Proceedings of the 4th international conference on principles of knowledge representation and reasoning},
  pages={363},
  year={1994}
}

@article{botea2005macro,
  title={Macro-FF: Improving AI planning with automatically learned macro-operators},
  author={Botea, Adi and Enzenberger, Markus and M{\"u}ller, Martin and Schaeffer, Jonathan},
  journal={Journal of Artificial Intelligence Research},
  pages={581--621},
  year={2005}
}

@inproceedings{edelkamp2014planning,
  title={Planning with pattern databases},
  author={Edelkamp, Stefan},
  booktitle={Sixth European Conference on Planning},
  year={2014}
}

@article{fikes1972strips,
  title={STRIPS: A new approach to the application of theorem proving to problem solving},
  author={Fikes, Richard E and Nilsson, Nils J},
  journal={Artificial intelligence},
  volume={2},
  number={3},
  pages={189--208},
  year={1972},
  publisher={Elsevier}
}

@article{bylander1994computational,
  title={The computational complexity of propositional STRIPS planning},
  author={Bylander, Tom},
  journal={Artificial Intelligence},
  volume={69},
  number={1},
  pages={165--204},
  year={1994},
  publisher={Elsevier}
}

@article{kaelbling1998planning,
  title={Planning and acting in partially observable stochastic domains},
  author={Kaelbling, Leslie Pack and Littman, Michael L and Cassandra, Anthony R},
  journal={Artificial intelligence},
  volume={101},
  number={1},
  pages={99--134},
  year={1998},
  publisher={Elsevier}
}