@article{tamuz2011adaptively,
  title={Adaptively learning the crowd kernel},
  author={Tamuz, Omer and Liu, Ce and Belongie, Serge and Shamir, Ohad and Kalai, Adam Tauman},
  journal={arXiv preprint arXiv:1105.1033},
  year={2011}
}

@article{amir2008learning,
  title={Learning partially observable deterministic action models},
  author={Amir, Eyal and Chang, Allen},
  journal={Journal of Artificial Intelligence Research},
  pages={349--402},
  year={2008}
}

@inproceedings{dean1998solving,
  title={Solving Stochastic Planning Problems with Large State and Action Spaces.},
  author={Dean, Thomas L and Givan, Robert and Kim, Kee-Eung},
  booktitle={AIPS},
  pages={102--110},
  year={1998}
}

@article{kushmerick1995algorithm,
  title={An algorithm for probabilistic planning},
  author={Kushmerick, Nicholas and Hanks, Steve and Weld, Daniel S},
  journal={Artificial Intelligence},
  volume={76},
  number={1},
  pages={239--286},
  year={1995},
  publisher={Elsevier}
}

@article{dean1995planning,
  title={Planning under time constraints in stochastic domains},
  author={Dean, Thomas and Kaelbling, Leslie Pack and Kirman, Jak and Nicholson, Ann},
  journal={Artificial Intelligence},
  volume={76},
  number={1},
  pages={35--74},
  year={1995},
  publisher={Elsevier}
}

@article{muggleton1996stochastic,
  title={Stochastic logic programs},
  author={Muggleton, Stephen and others},
  journal={Advances in inductive logic programming},
  volume={32},
  pages={254--264},
  year={1996},
  publisher={Citeseer}
}

@article{weld1994probabilistic,
  title={Probabilistic Planning with Information Gathering and Contingent Execution3},
  author={Weld, Denise Draper Steve Hanks Daniel},
  book-title={PROBABILISTIC HYBRID ACTION MODELS},
  year={1994}
}

@article{draper1994probabilistic,
  title={A probabilistic model of action for least-commitment planning with information gathering},
  author={Draper, Denise and Hanks, Steve and Weld, Daniel},
  book-title={Proceedings of the Tenth international conference on Uncertainty in artificial intelligence},
  pages={178--186},
  year={1994},
  organization={Morgan Kaufmann Publishers Inc.}
}

@book{koenig1992optimal,
  title={Optimal probabilistic and decision-theoretic planning using Markovian decision theory},
  author={Koenig, Sven},
  year={1992},
  publisher={University of California, Berkeley, Computer Science Division}
}

@book{drummond1990anytime,
  title={Anytime synthetic projection: Maximizing the probability of goal satisfaction},
  author={Drummond, Mark and Bresina, John},
  year={1990},
  publisher={NASA, Ames Research Center, Artificial Intelligence Research Branch}
}

@article{dagum1993approximating,
  title={Approximating probabilistic inference in bayesian belief networks},
  author={Dagum, Paul and Chavez, R Martin},
  journal={Pattern Analysis and Machine Intelligence, IEEE Transactions on},
  volume={15},
  number={3},
  pages={246--255},
  year={1993},
  publisher={IEEE}
}

@article{berzuini2013temporal,
  title={Temporal reasoning with probabilities},
  author={Berzuini, Carlo and Bellazzi, Riccardo and Quaglini, Silvana},
  journal={arXiv preprint arXiv:1304.1493},
  year={2013}
}