@inproceedings{stone1994need,
  title={The Need for Different Domain-independent Heuristics.},
  author={Stone, Peter and Veloso, Manuela M and Blythe, Jim},
  booktitle={AIPS},
  pages={164--169},
  year={1994}
}

@inproceedings{haslum2007domain,
  title={Domain-independent construction of pattern database heuristics for cost-optimal planning},
  author={Haslum, Patrik and Botea, Adi and Helmert, Malte and Bonet, Blai and Koenig, Sven},
  booktitle={AAAI},
  volume={7},
  pages={1007--1012},
  year={2007}
}

@inproceedings{koenig2006real,
  title={Real-time adaptive A*},
  author={Koenig, Sven and Likhachev, Maxim},
  booktitle={Proceedings of the fifth international joint conference on Autonomous agents and multiagent systems},
  pages={281--288},
  year={2006},
  organization={ACM}
}

@article{bulitko2006learning,
  title={Learning in Real-Time Search: A Unifying Framework.},
  author={Bulitko, Vadim and Lee, Greg},
  journal={J. Artif. Intell. Res.(JAIR)},
  volume={25},
  pages={119--157},
  year={2006}
}

@inproceedings{koenig1995real,
  title={Real-time search in non-deterministic domains},
  author={Koenig, Sven and Simmons, Reid G},
  booktitle={IJCAI},
  pages={1660--1669},
  year={1995},
  organization={Citeseer}
}

@article{korf1990real,
  title={Real-time heuristic search},
  author={Korf, Richard E},
  journal={Artificial intelligence},
  volume={42},
  number={2},
  pages={189--211},
  year={1990},
  publisher={Elsevier}
}

@book{ishida1997real,
  title={Real-time search for learning autonomous agents},
  author={Ishida, Toru},
  volume={406},
  year={1997},
  publisher={Springer Science \& Business Media}
}

@article{ishida1998real,
  title={Real-time search for autonomous agents and multiagent systems},
  author={Ishida, Toru},
  journal={Autonomous Agents and Multi-Agent Systems},
  volume={1},
  number={2},
  pages={139--167},
  year={1998},
  publisher={Springer}
}